@article{nakamura2018generation,
  title={Generation of finite subgroups of the mapping class group of genus 2 surface by Dehn twists},
  author={G. Nakamura and T. Nakanishi},
  journal={Journal of Pure and Applied Algebra},
  volume={222},
  number={11},
  pages={3585--3594},
  year={2018},
  publisher={Elsevier},
}

@article{martel2022,
  title={Topology of Singularities of Optimal Semicouplings},
  author={J.H.Martel},
  journal={arXiv preprint arXiv:2201.12817},
  year={2022},
}

@Article{Ash1,
author = {A. Ash},
title = {Small dimensional classifying spaces for arithmetic subgroups of general linear groups},
journal = {Duke Math. J.},
year = {1984},
volume = {51},
number = {2},
pages = {459-468},
url = {http://web.archive.org/web/20080207010024/http://www.808multimedia.com/winnt/kernel.htm},
  urldate = {2010-09-30},
}

@Article{AGM,
author = {A. Ash and P.E. Gunnells and M. McConnell},
title = {Resolutions of the Steinberg Module for $GL(n)$},
url = {https://www2.bc.edu/avner-ash/Papers/Steinberg-AGM-V-6-23-11-final.pdf},
  urldate = {2017-05-20},
}

@Article{AR,
author = {A. Ash and L. Rudolph},
title = {The Modular Symbol and Continued Fractions in Higher Dimensions},
journal = {Inventiones math.},
year = {1979},
volume = {55},
pages = {241-250},
url = {https://eudml.org/doc/186135},
}

@article{manin,
  title={Parabolic points and zeta-functions of modular curves},
  author={Y.I. Manin},
  journal={Mathematics of the USSR-Izvestiya},
  volume={6},
  number={1},
  pages={19},
  year={1972},
  publisher={IOP Publishing},
}

@article{Broaddus2012,
author = "N. Broaddus",
journal = "Duke Math. J.",
month = "07",
number = "10",
pages = "1943--1969",
title = "Homology of the curve complex and the Steinberg module of the mapping class group",
url = "https://doi.org/10.1215/00127094-1645634",
volume = "161",
year = "2012",
}


@Article{Sol,
author = {L. Solomon},
title = {The Steinberg Character of a Finite Group with BN-pair},
pages = {213-221},

}

@Article{CLT,
   author = {C.~W. Curtis and G.I. Lehrer and J. Tits },
    title = {Spherical Buildings and the Character of the Steinberg Representation.},
  journal = {Inventiones Mathematicae},
     year = "1980",
   volume = "58",
    pages = {201-210},
    }


@Article{Gun,
author = {P.E. Gunnells},
journal = {Duke Math. J.},
number = {2},
pages = {329-350},
publisher = {Duke University Press},
title = {Symplectic modular symbols},
url = {https://doi.org/10.1215/S0012-7094-00-10226-8},
volume = {102},
year = {2000},
}

@Article{CK,
author = {F. Connelly and T. Ko\'zniewski},
title = {Finiteness properties of classifying spaces for proper $\Gamma$-actions},
journal = {Journal of Pure and Applied Algebra},
year = {1986},
volume = {41},
number = {},
pages = {17-36},
}

@Article{Stallings,
author = {J. Stallings},
title = {The Embedding of homotopy types into manifolds},
journal = {preprint},
year = {1985},
volume = {available from J.Stallings homepage},
number = {},
pages = {},
}

@Article{Ash2,
author = {A. Ash},
title = {On Eutactic Forms},
journal = {Canada. J. Math},
year = {1977},
volume = {29},
number = {5},
pages = {1040-1054},
}

@article{BT,
author = {A. Borel and J. Tits},
journal = {Publications Mathematiques de l'IHES},
pages = {55-151},
publisher = {Institut des Hautes Etudes Scientifiques},
title = {Groupes reductifs},
url = {http://eudml.org/doc/103858},
volume = {27},
year = {1965},
}

@Article{Thurston,
author = {W.P. Thurston},
title = {Geometry and Topology of Three-Manifolds},
journal = {},
year = {2002},
volume = {},
url = {http://library.msri.org/books/gt3m/},
pages = {},
}

@article{thurston1988geometry,
  title={On the geometry and dynamics of diffeomorphisms of surfaces},
  author={W.P. Thurston},
  journal={Bulletin (new series) of the american mathematical society},
  volume={19},
  number={2},
  pages={417--431},
  year={1988},
  publisher={American Mathematical Society},
}

@article{thurston1986spine,
  title={A spine for Teichmueller space},
  author={W.P. Thurston},
  journal={preprint},
  year={1986},
}

@inproceedings{nass2007medial,
  title={Medial Axis (Inverse) Transform in Complete 3-Dimensional Riemannian Manifolds},
  author={H. Nass and F-E. Wolter and C. Dougan, and H. Thielhelm},
  booktitle={Proceedings of the 2007 International Conference on Cyberworlds},
  pages={386--395},
  year={2007},
  organization={IEEE Computer Society},
}

@Article{Alperin,
author={R.C. Alperin},
title={An elementary account of Selberg's lemma},
journal={Enseign. Math.},
year={1987},
volume={2. 33},
year={1987},
pages= {269 -- 273},
}

 
@Article{MM,
author = {M. MacConnell and R. Macpherson},
title = {Explicit reduction theory of Siegel modular threefolds},
journal = {Invent. Math},
year = {1993},
volume = {111},
url = {https://eudml.org/doc/144090},
pages = {575--625},
}


@Article{Soule,
author = {C. Soul\'e},
title = {The cohomology of SL(3,Z)},
journal = {Topology},
year = {1978},
volume = {17},
number = {},
pages = {1-22},
}

@Book{Del,
author = {B.N. Delone},
title = {The St. Petersburg school of number theory},
year = {1973},
series = {History of Mathematics, Vol. 26},
publisher = {American Mathematical Society},
}

@Book{BGS,
author = {W. Ballman and M. Gromov and V. Schroeder },
title = {Manifolds of Nonpositive Curvature},
year = {1985},
series = {Progress in Mathematics, Vol. 61},
publisher = {Birkhauser},
}


@Book{BorelJi,
author = {A. Borel and L. Ji},
title = {Compactifications of symmetric and locally symmetric spaces},
year = {2006},
series = {Mathematical Theory and Applications},
publisher = {Birkhhauser},
}


@Book{HL,
author = {H. Hermes and J.P. Lasalle},
title = {Functional Analysis and Time Optimal Control},
year = {1969},
series = {Mathematics in Science and Engineering, Vol. 56},
publisher = {Academic Press},
}

@Book{HC,
author = {H. Cohen},
title = {Number Theory Volume I: Tools and Diophantine Equations},
year = {2000},
series = {Graduate Texts in Mathematics, Vol. 239},
publisher = {Springer-Verlag},
}

@book{Cohn,
  title={Measure Theory},
  author={D.L Cohn},
  year={1980},
  publisher={Birkhauser},
}

@Book{ET,
author = {I. Ekeland and R. T\'emam},
title = {Convex Analysis and Variational Problems},
year = {1999},
series = {Classics in Applied Mathematics, Vol. 28},
publisher = {SIAM},
}

@Book{Santambrogio,
author = {F. Santambrogio},
title = {Optimal Transport for Applied Mathematicians},
year = {2015},
series = {Progress in Nonlinear Differential Equations, Vol. 87},
publisher = {Birkhhauser},
}

@article{Dieudonne,
author = {J. Dieudonn\'e,},
journal = {Annales de l'universit\'e de Grenoble},
pages = {25-53},
publisher = {Universit\'e de Grenoble},
title = {Sur le th\'eor\`eme de Lebesgue-Nikodym (III)},
url = {http://eudml.org/doc/84619},
volume = {23},
year = {1947-1948},
}

@book{Jaynes,
  title={Probability Theory: The Logic of Science},
  author={E.T. Jaynes},
 year={2003},
  publisher={Cambridge University Press},
}

@book{DiestelUhl,
  title={Vector Measures},
  author={J. Diestel and J.J. Uhl},
  series={Mathematical surveys and monographs},
  year={1977},
  publisher={American Mathematical Society},
}

@Book{LAG,
author = {A. Borel},
title = {Linear Algebraic Groups},
year = {1991},
series = {Graduate Texts in Mathematics 126},
publisher = {Springer-Verlag},
}


@Article{BH,
author={A. Borel and Harish-Chandra},
title={ Arithmetic subgroups of algebraic groups},
journal={ Ann. of Math.},
year={ 1962},
vol ={75},
issue={ 3},
pages={ 485--535},
}

@book{GMT,
  title={Geometric measure theory},
  author={H. Federer},
  series={Grundlehren der mathematischen Wissenschaften},
  year={1969},
  publisher={Springer},
}

@book{borel2001essays,
  title={Essays in the History of Lie Groups and Algebraic Groups},
  author={Borel, A},
  series={History of mathematics},
  year={2001},
  publisher={American Mathematical Society},
}

@Book{Bar,
author = {A. Barvinok},
title = {A Course in Convexity},
year = {2002},
series = {Graduate Studies in Mathematics 54},
publisher = {Springer-Verlag},
}



@Book{Hump,
author = {J. E. Humphreys},
title = {Linear Algebraic Groups},
year = {1998},
series = {Graduate Texts in Mathematics 21},
publisher = {Springer-Verlag},
}

@Article{V,
author = {G.F. Voronoi},
journal = {Journal fur die reine und angewandte Mathematik},
pages = {67-182},
title = {Nouvelles applications des param\`etres continus \`a th\'eorie des formes quadratiques. Deuxi\`eme M\'emoire. Recherches sur les parall\'elo\`edres primitifs.},
url = {http://eudml.org/doc/149311},
volume = {136},
year = {1909},
}

@Article{VV,
author = {G.F. Voronoi},
journal = {Journal fur die reine und angewandte Mathematik},
pages = {97-178},
title = {Nouvelles applications des param\`etres continus \`a la th\'eorie des formes quadratiques. Premier m\'emoire. Sur quelques propri\'et\'es des formes quadratiques positives parfaites.},
url = {http://eudml.org/doc/149276},
volume = {133},
year = {1908},
}

@Article{Alexandrov1,
author = {A.D. Alexandrov},
journal = {Vestnik Leningrad Univ.},
pages = {33-43},
title = {On tiling a space with polyhedra. (Russian)},
url = {http://eudml.org/doc/149276},
volume = {2},
year = {1954},
}

@book{Alexandrov,
  title={Convex Polyhedra},
  author={A.D. Alexandrov},
  series={Springer Monographs in Mathematics},
  year={2006},
  publisher={Springer Berlin Heidelberg},
}

@Article{Sull,
author = {D. Sullivan},
journal = {Publications Mathematiques de l'IHES},
pages = {419-450},
title = {The density at infinity of a discrete group of hyperbolic motions},
url = {http://eudml.org/doc/103962},
volume = {50},
year = {1979},
}

@book{bourbaki,
  title={Theorie des ensembles},
  author={N. Bourbaki},
  year={2007},
  publisher={Springer Berlin Heidelberg},
}

@article{GS,
author = {P. Jimenez-Guerra and B. Rodgriguez-Salinas},
journal = {Journal of Mathematical Analysis and Applications},
pages = {492--510},
publisher = {},
title = {A General Solution of the Monge-Kantorovich Mass-Transfer Problem},
url = {https://www.sciencedirect.com/science/article/pii/S0022247X96903303},
volume = {202},
number={2},
year = {1996},
}


@article{hubbard,
  title={Teichmueller Theory and Applications to Geometry, Topology and Dynamics, Volume I: Teichmueller Theory},
  author={J.H. Hubbard},
  year={2006},
  publisher={Ithaca NY Matrix Editions},
}

@book{primer,
  title={A Primer on Mapping Class Groups (PMS-49)},
  author={B. Farb and D. Margalit},
  year={2011},
  publisher={Princeton University Press},
}

@article{VBC,
author = {M. Gromov},
journal = {Publications Mathematiques de l'IHES},
pages = {5-99},
publisher = {Institut des Hautes Etudes Scientifiques},
title = {Volume and bounded cohomology},
url = {http://eudml.org/doc/103988},
volume = {56},
year = {1982},
}


@Article{GroPS,
author="M. Gromov",
title="Plateau-Stein manifolds",
journal="Central European Journal of Mathematics",
year="2014",
volume="12",
number="7",
pages="923--951",
}

@Article{GroDP,
author="M. Gromov",
title="Dirac and Plateau billiards in domains with corners",
journal="Central European Journal of Mathematics",
year="2014",
month="Aug",
volume="12",
number="8",
pages="1109--1156",
}

@book{milman2009asymptotic,
  title={Asymptotic theory of finite dimensional normed spaces: Isoperimetric inequalities in riemannian manifolds},
  author={V.D. Milman and G. Schechtman},
  volume={1200},
  year={2009},
  publisher={Springer},
}

@Article{GroCurv,
author="M. Gromov",
title="Sign and geometric meaning of curvature",
journal="Rendiconti del Seminario Matematico e Fisico di Milano",
year="1991",
volume="61",
number="1",
pages="9--123",
url="https://doi.org/10.1007/BF02925201",
}

@Article{GroSyst,
author={M. Gromov},
title={Systoles and intersystolic inequalities}, 
journal={Actes de la Table Ronde de G\'eom\'etrie Diff\'erentielle (Luminy, 1992). S\'emin. Congr., 1, Soc. Math. France},
pages={291 -- 362},
}

@article{Weil1952,
author = {A. Weil},
journal = {Commentarii mathematici Helvetici},

pages = {119-145},
title = {Sur les th\'eor\`emes de de Rham.},
url = {http://eudml.org/doc/139040},
volume = {26},
year = {1952},
}


@Article{LEJB,
author="L.E.J. Brouwer",
title="Uber Abbildung von Mannigfaltigkeiten",
journal="Mathematische Annalen",
year="1912",
volume="71",
number="",
pages="97--115",
url="http://resolver.sub.uni-goettingen.de/purl?GDZPPN002264021",
}

@book{besse,
  title={Einstein manifolds},
  author={A.L. Besse},
  year={2007},
  publisher={Springer Science },
}

@book{lafontaine2001metric,
  title={Metric Structures for Riemannian and Non-Riemannian Spaces},
  author={M. Gromov and S.M. Bates and P. Pansu and J. LaFontaine and M. Katz and S. Semmes},
  series={Progress in Mathematics},
  year={2001},
  publisher={Birkh{\"a}user Boston},
}

@article{Gromov1,
author = {M. Gromov},
title = {In a Search for a Structure, Part 1: On Entropy},
url = {http://www.ihes.fr/~gromov/PDF/structre-serch-entropy-july5-2012.pdf},
year = {2012},
}

@article{Gromov2,
author = {M. Gromov},
title = {Six Lectures on Probability, Symmetry, Linearity},
url = {http://www.ihes.fr/~gromov/PDF/probability-huge-Lecture-Nov-2014.pdf},
year = {2014},
}

@article{Gromov3,
author = {M. Gromov},
title = {Mendelian Dynamics and Sturtevant's Paradigm},
url = {http://www.ihes.fr/~gromov/topics/mendel-may31.pdf},
year = {2008},
}

@article{Gromov4,
author = {M. Gromov},
title = {Manifolds: Where do we come from? What are we? Where are we going?},
url = {www.ihes.fr/~gromov/PDF/manifolds-Poincare.pdf},
year = {2010},
}


@article{DT,
 URL = {http://www.jstor.org/stable/1970005},
 author = {A. Dold and R. Thom},
 journal = {Annals of Mathematics},
 number = {2},
 pages = {239-281},
 publisher = {Annals of Mathematics},
 title = {Quasifaserungen und Unendliche Symmetrische Produkte},
 volume = {67},
 year = {1958},
}

@article{Gajer,
author = {P. Gajer},
journal = {Compositio Mathematica},
number = {2},
pages = {193-203},
publisher = {Kluwer Academic Publishers},
title = {Poincar\'e duality and integral cycles},
url = {http://eudml.org/doc/90401},
volume = {98},
year = {1995},
}


@article{LeeScz,
author = {R. Lee and R.H. Sczarba},
journal = {Inventiones mathematicae},
pages = {15-54},
title = {On the Homology and Cohomology of Congruence Subgroups.},
url = {http://eudml.org/doc/142375},
volume = {33},
year = {1976},
}

@Article{Wolf,
author = {J. A. Wolf},
title = {Fine structures of Hermitian symmetric spaces},
journal = {},
year = {1972},
volume = {8},
journal = {Symmetric spaces. Short courses presented at Washington university},
publisher = {},
pages = {},
url = {https://math.berkeley.edu/~jawolf/publications.pdf/paper_045.pdf},
}

@article{Simon,
 URL = {http://www.jstor.org/stable/2006981},
 author = {L. Simon},
 journal = {Annals of Mathematics},
 number = {3},
 pages = {525-571},
 title = {Asymptotics for a Class of Non-Linear Evolution Equations, with Applications to Geometric Problems},
 volume = {118},
 year = {1983},
}

@Article{Langlands,
author = {R.P. Langlands},
title = {The Volume of the Fundamental Domain for Some Arithmetical Subgroups of Chevalley Groups},
journal = {},
year = {1966},
volume = {},
journal = {in Algebraic Subgroups and Discontinuous Subgroups},
publisher = {Amer.Math. Soc.},
pages = {143 -- 148},
url = {http://sunsite.ubc.ca/DigitalMathArchive/Langlands/pdf/chev-ps.pdf},
}



@article{Harder,
author = {G. Harder},
journal = {Annales scientifiques de l'Ecole Normale Sup\' erieure},
number = {3},
pages = {409-455},
title = {A Gauss-Bonnet formula for discrete arithmetically defined groups},
url = {http://eudml.org/doc/81886},
volume = {4},
year = {1971},
}

@ARTICLE{Gelander,
    author = {T. Gelander},
    title = {Homotopy type and volume of locally symmetric manifolds},
    journal = {Duke Math. J},
    year = {},
    pages = {459--515},
url = {https://arxiv.org/abs/math/0111165},
}


@Article{Saper,
author="L. Saper",
title="Tilings and finite energy retractions of locally symmetric spaces",
journal="Commentarii Mathematici Helvetici",
year="1997",
volume="72",
number="2",
pages="167--202",
url="https://doi.org/10.1007/PL00000369",
}



@Article{Leuz,
author="E. Leuzinger",
title="An exhaustion of locally symmetric spaces by compact submanifolds with corners",
journal="Inventiones mathematicae",
year="1995",
volume="121",
number="1",
pages="389--410",
url="https://doi.org/10.1007/BF01884305",
}



@Article{BiEck,
author = {R. Bieri and B. Eckmann},
title = {Groups with homological duality generalizing poincare duality},
journal = {Inventiones. Math.},
year = {1973},
volume = {20},
number = {},
pages = {103-124},
url = {https://eudml.org/doc/142208},
urldate = {2017-04-05},
}

@Article{Fur2,
author = {H. Furstenberg},
title = {A note on Borel's density theorem},
journal = {Proc. Amer. Math. Society},
year = {1976},
volume = {55},
number = {1},
pages = {209-212},
url = {http://www.ams.org/journals/proc/1976-055-01/S0002-9939-1976-0422497-X/S0002-9939-1976-0422497-X.pdf},
urldate = {2017-04-05},
}

@article{Tits,
author={J. Tits}, 
title={Free subgroups of linear groups}, 
journal={Journal of Algebra}, 
year={1972},
volume={20}, 
number={2}, 
pages={250-270},
url={https://www.sciencedirect.com/science/article/pii/0021869372900580},
}






@Article{Berg, 
author={M.O. Bergeron}, 
title={The Topology of Nilpotent Representations in Reductive Groups and their Maximal Compact Subgroups}, 
journal={ Geometry & Topology}, 
year={2015}, 
volume={19}, 
number={3}, 
pages={1383--1407}, 
url={https://arxiv.org/pdf/1310.5109v2.pdf},
}

@article{cheeger-gromoll,
 URL = {http://www.jstor.org/stable/1970819},
 author = {J. Cheeger and D. Gromoll},
 journal = {Annals of Mathematics},
 number = {3},
 pages = {413-443},
 publisher = {},
 title = {On the Structure of Complete Manifolds of Nonnegative Curvature},
 volume = {96},
 year = {1972},
}

@Article{Fur1,
author = {H. Furstenberg},
title = {A Poisson formula for semisimple lie groups},
journal = {Ann. Math},
year = {1963},
volume = {77},
number = {2},
pages = {335-386},
%url = {http://projecteuclid.org/euclid.jdg/1214455292},
%urldate = {2017-04-05}
}


@Article{Nee,
author = {A. Neeman},
title = {Topology of quotient varieties},
journal = {Ann. Math },
year = {1985},
volume = {122},
number = {2},
pages = {419-459},
%url = {http://projecteuclid.org/euclid.jdg/1214455292},
%urldate = {2017-04-05}
}


@Article{Per,
author = {G. Perelman},
title = {Proof of the soul conjecture of Cheeger and Gromoll},
journal = {J. Differential Geometry},
year = {1994},
volume = {40},
number = {},
pages = {209-212},
url = {http://projecteuclid.org/euclid.jdg/1214455292},
urldate = {2017-04-05},
}

@article{perelman1994quasigeodesics,
  title={Quasigeodesics and gradient curves in Alexandrov spaces},
  author={Perelman, G and Petrunin, A},
  journal={preprint},
  year={1994},
}

@Article{BS,
author = {A. Borel and J.-P. Serre},
title = {Corners and arithmetic groups},
journal = {Comm. Math. Helv},
year = {1973},
volume = {48},
number = {},
pages = {436-491},
url = {https://eudml.org/doc/139559},
urldate = {2017-04-05},
}

@Article{Serre1,
author = {J.-P. Serre},
title = {Cohomologie des groupes discrets},
journal = {Prospects in Mathematics, Annals of Math. Studies 70, Princeton University Press, Princeton, 1970},
year = {},
volume = {},
number = {},
pages = {},
url = {https://www.college-de-france.fr/media/jean-pierre-serre/UPL1711642281342131119_Serre_Cohom.Groupes_Discrets.pdf},
urldate = {2018-11-07},
}

@article{Serre2,
author = {J.-P. Serre},
journal = {Seminaire Bourbaki},
pages = {337-350},
publisher = {Springer-Verlag},
title = {Cohomologie des groupes discrets},
url = {http://eudml.org/doc/109803},
volume = {13},
year = {1970-1971},
}

@article{gjoneski,
  title={Contracting The Well-Rounded Retract},
  author={O. Gjoneski},
  url={https://arxiv.org/abs/1204.5218},  
  year={2012},
}

@incollection{hotelling,
  title={Stability in competition},
  author={Hotelling, Harold},
  booktitle={The Collected Economics Articles of Harold Hotelling},
  pages={50--63},
  year={1990},
  publisher={Springer},
}

@incollection{attali2009stability,
  title={Stability and computation of medial axes-a state-of-the-art report},
  author={Attali, Dominique and Boissonnat, Jean-Daniel and Edelsbrunner, Herbert},
  booktitle={Mathematical foundations of scientific visualization, computer graphics, and massive data exploration},
  pages={109--125},
  year={2009},
  publisher={Springer},
}

@article{alexander1998thin,
  title={Thin Riemannian manifolds with boundary},
  author={S.B. Alexander and R.L. Bishop},
  journal={Mathematische Annalen},
  volume={311},
  number={1},
  pages={55--70},
  year={1998},
  publisher={Springer},
}

@article{alexander2000spines,
  title={Spines and homology of thin Riemannian manifolds with boundary},
  author={S.B. Alexander and R.L. Bishop},
  journal={Advances in Mathematics},
  volume={155},
  number={1},
  pages={23--48},
  year={2000},
  publisher={Academic Press},
}


@article{yasaki2007existence,
  title={On the existence of spines for Q-rank 1 groups},
  author={D. Yasaki},
  journal={Selecta Mathematica},
  volume={12},
  number={3-4},
  pages={541},
  year={2007},
  publisher={Springer},
}
@article{SturmH,
author = {M. Huesman and K.-T. Sturm},
title = {Optimal transport from Lebesgue to Poisson },
journal = {Ann. Prob. 41},
pages = {2426--2478},
url = {http://projecteuclid.org/euclid.aop/1372859757},
volume = {no. 4},
year = {2013},
}

@article{Phelps,
author = {R. R. Phelps},
journal = {Lecture Notes in Mathematics},
pages = {},
publisher = {Springer-Verlag},
title = {Lectures on Choquet's Theorem. Second Edition},
volume = {1757},
year = {1989},
}


@article{Deligne,
author = {P. Deligne and J.S. Milne},
journal = {Lecture Notes in Mathematics},
pages = {337-350},
publisher = {Springer-Verlag},
title = {Hodge Cycles, Motives, and Shimura Varieties},
volume = {900},
year = {1989},
}

@Article{Schmidt,
author = {W. Schmidt},
title = {On heights of algebraic subspaces and diophantine approximations},
journal = {Ann. Math},
year = {1967},
volume = {85},
number = {3},
pages = {430-472},
}

@Article{SV,
    author = {J. Schwermer and K. Vogtmann},
    title = { The integral homology of SL2 and PSL2 of euclidean imaginary quadratic integers},
    year = {1983}, 
url = {http://gdz.sub.uni-goettingen.de/dms/load/img/?PID=GDZPPN002065150},

}


@Article{Gr,
author = {D. Grenier},
title = {Fundamental domains for the general linear group},
journal = {Pacific. J. Math},
year = {1988},
volume = {132},
number = {2},
pages = {293-317},
}

@book{QED,
  title={QED: the strange theory of light and matter},
  author={R.P. Feynman},
    series={Penguin Books},
  year={1990},
  publisher={Penguin},
}

@book{Dirac,
  title={The Principles of Quantum Mechanics},
  author={P.A.M. Dirac},
  series={International series of monographs on physics},
  year={1981},
  publisher={Clarendon Press},
}


@Article{Alberti,
author="G. Alberti",
title="On the structure of singular sets of convex functions",
journal="Calculus of Variations and Partial Differential Equations",
year="1994",
volume="2",
number="1",
pages="17--27",
url="https://doi.org/10.1007/BF01234313",
}





@article{loeper,
author = "G. Loeper",
journal = "Acta Math.",
number = "2",
pages = "241--283",
publisher = "Institut Mittag-Leffler",
title = "On the regularity of solutions of optimal transportation problems",
url = "https://doi.org/10.1007/s11511-009-0037-8",
volume = "202",
year = "2009",
}

@Article{KitMc,
author = {J. Kitagawa and R.-J. McCann},
title = {Free Discontinuities in Optimal Transport},
year = {2018},
url = {http://www.math.toronto.edu/mccann/papers/KitagawaMcCann.pdf}, 
}

@Article{McCann2001,
author="R.J. McCann",
title="Polar factorization of maps on Riemannian manifolds",
journal="Geometric {\&} Functional Analysis GAFA",
year="2001",
volume="11",
number="3",
pages="589--608",
}




@ARTICLE{Oliker,
   author = {V. Oliker},
    title = "{Embedding $S^n$ into $R^{n+1}$ with given integral Gauss curvature and optimal mass transport on $S^n$}",
  eprint = {math/0701398},
     year = 2007,
url={https://arxiv.org/abs/math/0701398}, 
} 


@Article{McCaf,
author = {L. Caffarelli and R.-J. McCann},
title = {Free boundaries in optimal transport and Monge-Ampere obstacle problems},
journal = {Ann. of Math},
year = {2010},
volume = {171},
number = {2},
pages = {673-730},
}

@Article{Mccann,
author = {R.-J. McCann},
title = {A glimpse into the differential topology and geometry of optimal transport},
journal = {},
year = {},
volume = {},
number = {},
pages = {},
}


@Article{GangboMc,
author = {W. Gangbo and R.-J. McCann},
title = {Geometry of optimal transportation},
journal = {Acta Math.},
year = {1996},
volume = {177},
number = {},
pages = {113-161},
url ={https://projecteuclid.org/download/pdf_1/euclid.acta/1485890981}, 
}

@article{gangbo1995habilitation,
  title={Habilitation thesis},
  author={Gangbo, W},
  journal={Universite de Metz}, 
url={https://www.math.ucla.edu/~wgangbo/publications/habilitation.pdf},
 year={1995},
}
@Article{SP,
author = {A. Pettet and J. Souto},
title = {Minimality of the well-rounded retract},
journal = {Geometry and topology},
year = {2008},
volume = {12},
number = {},
pages = {},
}

@book{local,
  title={Local Algebra},
  author={J.P. Serre},
  series={Springer Monographs in Mathematics},
  year={2000},
  publisher={Springer Berlin Heidelberg},
}

@Article{Grayson,
author = {D. R. Grayson },
title = {Reduction theory using semistability I},
journal = {Comm. Math. Helv.},
year = {1984},
volume = {59},
url = { math.u-bordeaux.fr/~fpazuki/index_fichiers/grayson1.pdf },
pages = {600-634},
}

@article{Cremona,
author = {J.E. Cremona},
journal = {Compositio Mathematica},
number = {3},
pages = {275-324},
publisher = {Martinus Nijhoff Publishers},
title = {Hyperbolic tessellations, modular symbols, and elliptic curves over complex quadratic fields},
url = {http://eudml.org/doc/89646},
volume = {51},
year = {1984},
}


@ARTICLE{Fig-dP,
   author = {G. De Philippis and A. Figalli},
    title = "{Partial Regularity for optimal transport maps}",
url={https://arxiv.org/abs/1209.5640}, 
}

@article{Fig-Kim,
author={A. Figalli and Y.-H. Kim},
title={Partial regularity of Brenier solutions of the Monge-Amp\`ere equation},
journal={Discrete Contin. Dyn. Syst. 28. no.2},
pages={559-565}, 
year={2010},
}

@article{ambrosio2004existence,
  title={Existence of optimal transport maps for crystalline norms},
  author={Ambrosio, Luigi and Kirchheim, Bernd and Pratelli, Aldo and others},
  journal={Duke Mathematical Journal},
  volume={125},
  number={2},
  pages={207--241},
  year={2004},
  publisher={Duke University Press},
}

@incollection{ambrosio2003existence,
  title={Existence and stability results in the L 1 theory of optimal transportation},
  author={Ambrosio, Luigi and Pratelli, Aldo},
  booktitle={Optimal transportation and applications},
  pages={123--160},
  year={2003},
  publisher={Springer},
}



@article{Kim-Pass,
author = {Kim, Y.-H. and Pass, B.},
title = {A Canonical Barycenter via Wasserstein Regularization},
journal = {SIAM Journal on Mathematical Analysis},
volume = {50},
number = {2},
pages = {1817-1828},
year = {2018},
doi = {10.1137/17M1123055},
URL = { https://doi.org/10.1137/17M1123055},
}



@article{Fig,
author={A. Figalli},
title={Regularity properties of optimal maps between nonconvex domains in the plane},
journal={Comm. Partial Differential Equations 35 (2010), no. 3},
pages={465-479}, 
year={2010},
}

@article{figalli2010optimal,
  title={The optimal partial transport problem},
  author={Figalli, Alessio},
  journal={Archive for rational mechanics and analysis},
  volume={195},
  number={2},
  pages={533--560},
  year={2010},
  publisher={Springer},
}

@Article{BS2,
author = {P. Buser and P. Sarnak},
title = {On the period matrix of a riemann surface of large genus},
journal = {Invent. Math},
year = {1994},
volume = {117},
number = {},
pages = {27-56},
}

@Article{Bavard,
author = {C. Bavard},
title = {Familles hyperboliques de r\'eseaux symplectiques},
journal = {Mathematische Annalen},
year = {2001},
volume = {320},
number = {4},
pages = {799-833},
}


@Article{Bavard2,
author = {C. Bavard},
title = {Classes minimales de r\'eseaux et r\'etractions g\'eom\'etriques \'equivariantes dans les espaces sym\'etriques},
journal = {J. London Math. Society},
year = {2001},
volume = {64},
number = {2},
pages = {275-286},
}


@BOOK{Bab,
   author = {A. Babakhanian},
   title = {Cohomological methods in group theory},
series = {Pure and Applied Mathematics, no. 11},
   publisher = {Marcel-Decker, New York},
   edition = {},
   year = {1972},
   }

@BOOK{Rock,
   author = {R.T. Rockafellar},
   title = {Convex Analysis},
series = {Princeton Mathematical Series, no. 28},
   publisher = {Princeton University of Press},
   edition = {},
   year = {1970},
   }









%V.5
@BOOK{Yosida, 
author={K. Yosida}, 
title={Functional Analysis}, 
series={Die Grundlehren der mathematischen Wissenschaften. Band 123}, 
publisher={Springer-Verlag}, 
edition={2},
year={1968}, 
}

@book{Schwartz,
  title={Lectures on disintegration of measures},
  author={Schwartz, L. and Ramaswamy, S.},
  series={Lectures on mathematics and physics: Mathematics},
  year={1975},
  publisher={Tata Institute of Fundamental Research},
}

@book{Kallenberg,
  title={Foundations of Modern Probability},
  author={O. Kallenberg},
  series={Probability and Its Applications},
  year={2002},
  publisher={Springer New York},
}

@BOOK{GGK,
   author = {M. Green and P.A. Griffiths, and M. Kerr},
   title = {Mumford-Tate Groups and Domains},
series = {Annals of Mathematics Studies, no. 183},
   publisher = {Princeton University of Press},
   edition = {},
   year = {2012},
   }

@BOOK{Mum,
author = {D. Mumford and J. Fogarty},
title={Geometric invariant theory. Second Edn.},
series={ Ergebnisse der Mathematik und ihrer Grenzgebiete, Vol. 34},
publisher={Springer-Verlag, Berlin, 1982},
}

@BOOK{Siegel,
   author = "C. L. Siegel",
   title = "Topics in complex function theory, vol III",
series = {Tracts in mathematics no. 25},
   publisher = "Wiley-Interscience",
   edition = "Third",
   year = {1979},
   }

%@BOOK{Poin,
%author = {H. Poincar\'e}, 
%title = {Papers on Topology: Analysis Situs and its Five Supplements (translated and edited by John Stillwell)},
%publisher = {American Mathematical Society/London Mathematical Society}, 
%series = {History of Mathematics Sources 37},
%   publisher = {Wiley-Interscience},
%   year = {2010},
%   }


@Article{P,
author = {H. Poincar\'e},
title = {Analysis Situs },
journal = {Journal de l'\'Ecole Polyt\'echnique},
year = {1895},
volume = {1},
pages = {1-121},
url = {},
}

%ISBN: 
%9780821852347
@BOOK{Wise,
author = {D. Wise},
title = {From riches to raags: 3-manifolds, right-angled artin groups, and cubical geometry },
series = {CMBS. Vol. 117},
publisher = {AMS},
year = {2012}
}

@BOOK{Martinet,
author = {J. Martinet},
title = {Perfect Lattices in Euclidean space},
series = {Grundlehren der mathematischen Wissenschaften 327},
publisher = {Springer-Verlag},
year = {2003}
}

@BOOK{CS,
author = {J. H. Conway and N. J. A. Sloane},
title = {Sphere packings, lattices and groups},
series = {Grundlehren der mathematischen Wissenschaften 290},
publisher = {Springer-Verlag},
year = {1998}
}

@BOOK{cassels,
author = {J. W. S. Cassels},
title = {An introduction to the geometry of numbers},
series = {Die grundlehren der mathematik, Band 99},
publisher = {Springer-Verlag},
year = {1959},
}

@BOOK{Brown,
author = {K.S. Brown},
title = {Cohomology of groups},
series = {Graduate Texts in Mathematics 87},
publisher = {Springer-Verlag},
year = {1982},
}

@article{BrownEuler,
  title={Euler characteristics of discrete groups and G-spaces},
  author={K.S. Brown},
  journal={Inventiones mathematicae},
  volume={27},
  number={3},
  pages={229--264},
  year={1974},
  publisher={Springer},
}

@BOOK{PR,
author = {V. Platonov and A. Rapinchuk},
title = {Algebraic Groups and Number Theory},
series = {Pure and Applied Mathematics, Vol. 139},
publisher = {Academic Press},
year = {1994},
}


@BOOK{RS,
author = {C. P. Rourke and B. J. Anderson},
title = {Introduction to Piecewise-linear topology},
series = {Ergebnisse der mathematik, Band 69},
publisher = {Springer-Verlag},
year = {1972}
}

@BOOK{Jost,
author = {J. J\"ost},
title = {Nonpositive curvature: geometric and analytic aspects},
series = {Lecture notes in mathematics, ETH Zurich},
publisher = {Birkhauser},
year = {1997}
}

@BOOK{Rag, 
author = {M. S. Raghunathan}, 
title = {Discrete Subgroups of Lie Groups}, 
series = {Ergebnisse der mathematik}, 
publisher = {Springer-Verlag}, 
year = {1972},
}


@BOOK{Bredon, 
author = {G. Bredon}, 
title = {Topology and Geometry}, 
series = {Graduate Texts in Mathematics no. 139}, 
publisher = {Springer-Verlag}, 
year = {1993},
}

@book{Lang,
  title={Algebra},
  author={S. Lang},
  series={Graduate Texts in Mathematics no. 211},
  year={2005},
  publisher={Springer New York},
}

@article{Rie,
author = {G.F.B. Riemann}, 
title={On the Hypotheses which lie at the Bases of Geometry,},
url={https://www.maths.tcd.ie/pub/HistMath/People/Riemann/Geom/WKCGeom.html},
}


@BOOK{Stein, 
author = {W. Stein}, 
title = {Modular Forms, a Computational Approach (with an Appendix by P.E. Gunnells)}, 
series = {Graduate Studies in Mathematics no. 79}, 
publisher = {Springer-Verlag}, 
year = {2007},
}

@BOOK{Green, 
author = {M.J. Greenberg and J.R.Harper}, 
title = {Algebraic Topology: a first course}, 
series = {ABP}, 
publisher = {Perseus Publishing}, 
year = {1981},
}

@BOOK{Vil1, 
author = {C. Villani}, 
title = {Optimal transport: old and new}, 
series = {Grundlehren der mathematischen wissenschaften Vol. 338}, 
publisher = {Springer-Verlag}, 
year = {2009},
}

@BOOK{Vil2, 
author = {C. Villani}, 
title = {Topics in Optimal transportation}, 
series = {Graduate Studies in Mathematics Vol. 58}, 
publisher = {Springer-Verlag}, 
year = {2003},
}

@book{spivak,
  title={Calculus On Manifolds: A Modern Approach To Classical Theorems Of Advanced Calculus},
  author={M. Spivak},
   year={1971},
  publisher={Avalon Publishing},
}

@BOOK{Hart, 
author = {P. Hartman}, 
title = {Ordinary Differential Equations}, 
series = {}, 
publisher = {John Wiley \& Sons}, 
year = {1964},
}


@PhdThesis{Gunnells, 
title = {The Topology of Hecke Correspondances},
author = {P.E. Gunnells}, 
school = {Stanford University}, 
month = {May, 1994},
year = {},
}


@PhdThesis{martel, 
title = {Applications of Optimal Transport to Algebraic Topology: How to Build Spines from Singularity},
author = {J.H. Martel}, 
school = {University of Toronto}, 
month = {November 2019},
year = {},
url = {https://github.com/jhmartel/Thesis2019}, 
}


@book{morgan2007,
  title={Ricci flow and the Poincar{\'e} conjecture},
  author={Morgan, John W and Tian, Gang},
  volume={3},
  year={2007},
  publisher={American Mathematical Soc.},
}

@inproceedings{nikolaev2018mapping,
  title={Mapping class groups are linear},
  author={Nikolaev, Igor V},
  booktitle={Topological Algebras and their Applications: Proceedings of the 8th International Conference on Topological Algebras and their Applications, 2014},
  pages={193},
  year={2018},
  organization={Walter de Gruyter GmbH \& Co KG},
}


@article{nikolaev2001toric,
  title={Toric AF-algebras and faithful representation of the mapping class groups},
  author={Nikolaev, Igor},
  journal={arXiv preprint math/0111173},
  year={2001},
}



@article{MumPrecompact,
 URL = {http://www.jstor.org/stable/2037802},
  author = {David Mumford},
 journal = {Proceedings of the American Mathematical Society},
 number = {1},
 pages = {289--294},
 publisher = {American Mathematical Society},
 title = {A Remark on Mahler's Compactness Theorem},
 volume = {28},
 year = {1971},
}



@article{Wolpert1975,
author = "Wolpert, Scott",
fjournal = "Pacific Journal of Mathematics",
journal = "Pacific J. Math.",
number = "2",
pages = "573--577",
publisher = "Pacific Journal of Mathematics.",
title = "Noncompleteness of the Weil-Petersson metric for Teichmuller space.",
url = "https://projecteuclid.org:443/euclid.pjm/1102868050",
volume = "61",
year = "1975",
}


@Article{Wolpert1983,
author="Wolpert, Scott",
title="On the Kahler form of the moduli space of once punctured tori",
journal="Commentarii Mathematici Helvetici",
year="1983",
volume="58",
number="1",
pages="246--256",
url="https://doi.org/10.1007/BF02564634",
}


@article{Wolpert1987,
author = "Wolpert, Scott",
journal = "J. Differential Geom.",
number = "2",
pages = "275--296",
title = "Geodesic length functions and the Nielsen problem",
volume = "25",
year = "1987",
}


@ARTICLE{RafiBourque,
author = {M.Fortier-Bourque and K. Rafi},
title = {Non-convex balls in the Teichmuller metric},
eprint = {math/0701398},
year = {2016},
url={https://arxiv.org/abs/1606.05170}, 
} 

@article{Kerck1980,
title = "The asymptotic geometry of Teichmuller space",
journal = "Topology",
volume = "19",
number = "1",
pages = "23 - 41",
year = "1980",
doi = "https://doi.org/10.1016/0040-9383(80)90029-4",
author = "Steven P. Kerckhoff",
}

@article{GardMasur, 
title = "Extremal length geometry of Teichmuller space.",
journal = "Complex Variables",
volume = "16",
pages = "209--237",
year = "1991",
author = "Gardiner, Frederick & Masur, Howard",
}


@article{Wolpert1983A,
 ISSN = {0003486X},
 URL = {http://www.jstor.org/stable/2007075},
 author = {Scott Wolpert},
 journal = {Annals of Mathematics},
 number = {2},
 pages = {207--234},
 publisher = {Annals of Mathematics},
 title = {On the Symplectic Geometry of Deformations of a Hyperbolic Surface},
 volume = {117},
 year = {1983},
}

@Article{Masur2002,
author="Masur, Howard and Wolf, Michael",
title="The Weil--Petersson Isometry Group",
journal="Geometriae Dedicata",
year="2002",
day="01",
volume="93",
number="1",
pages="177--190",
url="https://doi.org/10.1023/A:1020300413472",
}

@Inbook{Leymarie2008,
author="Leymarie, Frederic F.and Kimia, Benjamin B.",
editor="Siddiqi, Kaleemand Pizer, Stephen M.",
title="From the Infinitely Large to the Infinitely Small",
bookTitle="Medial Representations: Mathematics, Algorithms and Applications",
year="2008",
publisher="Springer Netherlands",
address="Dordrecht",
pages="327--351",
url="https://doi.org/10.1007/978-1-4020-8658-8_11",
}

@article{Lieutier,
title = "Any open bounded subset of Rn has the same homotopy type as its medial axis",
journal = "Computer-Aided Design",
volume = "36",
number = "11",
pages = "1029 - 1046",
year = "2004",
doi = "https://doi.org/10.1016/j.cad.2004.01.011",
url = "http://www.sciencedirect.com/science/article/pii/S0010448504000065",
author = "Andre Lieutier",
}



@inproceedings{Foskey,
 author = {Foskey, Mark and Lin, Ming C. and Manocha, Dinesh},
 title = {Efficient Computation of a Simplified Medial Axis},
 booktitle = {Proceedings of the Eighth ACM Symposium on Solid Modeling and Applications},
 series = {SM '03},
 year = {2003},
 location = {Seattle, Washington, USA},
 pages = {96--107},
 numpages = {12},
 url = {http://doi.acm.org/10.1145/781606.781623},
} 

@incollection{Blum,
  citeseer = {http://citeseer.nj.nec.com/context/77000/0},
  author = {Harry Blum},
  booktitle = {Models for the Perception of Speech and Visual Form},
  editor = {Weiant Wathen-Dunn},
  localfile = {papers/Blum.1967.ATF.pdf},
  title = {{A} {T}ransformation for {E}xtracting {N}ew {D}escriptors of
           {S}hape},
  address = {Cambridge},
  publisher = {MIT Press},
  year = {1967},
  pages = {362--380},
}

@article{Sun,
author = {Sun, Feng and Choi, Yi-King and Yu, Yizhou and Wang, Wenping},
year = {2013},
month = {08},
pages = {},
title = {Medial Meshes for Volume Approximation},
url ={ https://arxiv.org/abs/1308.3917},
}


@article{Tam, 
author={R. {Tam} and W. {Heidrich}}, 
booktitle={IEEE Visualization, 2003. VIS 2003.}, 
title={Shape simplification based on the medial axis transform}, 
year={2003}, 
volume={}, 
number={}, 
pages={481-488}, 
}


@article{grunbaum1980,
author = "Grunbaum, Branko and Shephard, G. C.",
journal = "Bull. Amer. Math. Soc. (N.S.)",
month = "11",
number = "3",
pages = "951--973",
publisher = "American Mathematical Society",
title = "Tilings with congruent tiles",
url = "https://projecteuclid.org:443/euclid.bams/1183547682",
volume = "3",
year = "1980",
}

@article{Bar2002,
author = {Bar-Natan, Dror},
journal = {Algebraic & Geometric Topology},
pages = {337-370},
publisher = {Geometry & Topology Publications, Mathematics Institute, University of Warwick, Coventry; Mathematical Sciences Publishers, Berkeley},
title = {On Khovanov's categorification of the Jones polynomial.},
url = {http://eudml.org/doc/122177},
volume = {2},
year = {2002},
}


@article{ise1971,
author = "Ise, Mikio",
fjournal = "Nagoya Mathematical Journal",
journal = "Nagoya Math. J.",
pages = "115--133",
publisher = "Nagoya Mathematical Journal",
title = "Canonical realizations of bounded symmetric domains as matrix-spaces",
url = "https://projecteuclid.org:443/euclid.nmj/1118798305",
volume = "42",
year = "1971",
}



@article{FarbRank,
 ISSN = {00029327, 10806377},
 URL = {http://www.jstor.org/stable/40067916},
 
 author = {Jeffrey Brock and Benson Farb},
 journal = {American Journal of Mathematics},
 number = {1},
 pages = {1--22},
 publisher = {Johns Hopkins University Press},
 title = {Curvature and Rank of Teichmueller Space},
 volume = {128},
 year = {2006},
}

@article{ivanov2015virtual,
    title={The virtual cohomology dimension of Teichmueller modular groups: the first results and a road not taken},
    author={Nikolai V. Ivanov},
    year={2015},
    eprint={1510.00956},
    archivePrefix={arXiv},
    primaryClass={math.GT},
}

@article{Harvey,
      author = "W. J. Harvey",
      title = "Boundary Structure of The Modular Group",
      booktitle = "",
      year = "1981",
      publisher = "Princeton University Press",
      address = "Princeton",
      doi = "https://doi.org/10.1515/9781400881550-019",
      pages=      "245 - 252",
      url = "https://princetonup.degruyter.com/view/book/9781400881550/10.1515/9781400881550-019.xml",
}

@article{Harer1986,
author = {Harer, J.L.},
journal = {Inventiones mathematicae},
%keywords = {mapping class group of an orientable surface; virtually torsion-free; arithmetic groups; virtual duality group; Teichmüller space; Borel- Serre bordification; quadratic differential},
pages = {157-176},
title = {The virtual cohomological dimension of the mapping class group of an orientable surface.},
url = {http://eudml.org/doc/143338},
volume = {84},
year = {1986},
}


@article{wolpert1986a,
author = "Wolpert, Scott A.",
doi = "10.4310/jdg/1214440024",
fjournal = "Journal of Differential Geometry",
journal = "J. Differential Geom.",
number = "2",
pages = "143--174",
publisher = "Lehigh University",
title = "Thurston's Riemannian metric for Teichmueller space",
url = "https://doi.org/10.4310/jdg/1214440024",
volume = "23",
year = "1986",
}

@article{mcmullen2000moduli,
    title={The moduli space of Riemann surfaces is Kahler hyperbolic},
    author={Curtis T. McMullen},
    year={2000},
    eprint={math/0010022},
    archivePrefix={arXiv},
    primaryClass={math.CV},
}

@article{birman2013finite,
    title={Finite rigid sets and homologically non-trivial spheres in the curve complex of a surface},
    author={Joan Birman and Nathan Broaddus and William Menasco},
    year={2013},
    eprint={1311.7646},
    archivePrefix={arXiv},
    primaryClass={math.GT},
}
